@ARTICLE{Lamport1986,
   author = {L[eslie] A. Lamport},
   title = {The Gnats and Gnus Document Preparation System},
   journal = {G-Animal's Journal},
   year = 1986,
   volume = 41,
   number = 7,
   pages = "73+",
   month = jul,
}
@book{dickter2013eeg,
  title={EEG methods for the psychological sciences},
  author={Dickter, Cheryl L and Kieffaber, Paul D},
  year={2013},
  publisher={Sage}
}
@article{brenner2014role,
  title={The role of encoding and attention in facial emotion memory: An EEG investigation},
  author={Brenner, Colleen A and Rumak, Samuel P and Burns, Amy MN and Kieffaber, Paul D},
  journal={International journal of psychophysiology},
  volume={93},
  number={3},
  pages={398--410},
  year={2014},
  publisher={Elsevier}
}

@article{student1908probable,
  title={The probable error of a mean},
  author={Student},
  journal={Biometrika},
  pages={1--25},
  year={1908},
  publisher={JSTOR}
}
@article{calderone2014entrainment,
  title={Entrainment of neural oscillations as a modifiable substrate of attention},
  author={Calderone, Daniel J and Lakatos, Peter and Butler, Pamela D and Castellanos, F Xavier},
  journal={Trends in cognitive sciences},
  volume={18},
  number={6},
  pages={300--309},
  year={2014},
  publisher={Elsevier}
}
@article{laudanski2014spatially,
  title={Spatially distributed dendritic resonance selectively filters synaptic input},
  author={Laudanski, Jonathan and Torben-Nielsen, Benjamin and Segev, Idan and Shamma, Shihab},
  journal={PLoS computational biology},
  volume={10},
  number={8},
  pages={e1003775},
  year={2014},
  publisher={Public Library of Science San Francisco, USA}
}
@article{martorell2019multi,
  title={Multi-sensory gamma stimulation ameliorates Alzheimerâ€™s-associated pathology and improves cognition},
  author={Martorell, Anthony J and Paulson, Abigail L and Suk, Ho-Jun and Abdurrob, Fatema and Drummond, Gabrielle T and Guan, Webster and Young, Jennie Z and Kim, David Nam-Woo and Kritskiy, Oleg and Barker, Scarlett J and others},
  journal={Cell},
  volume={177},
  number={2},
  pages={256--271},
  year={2019},
  publisher={Elsevier}
}